@article{autonomic-computing,
  title   = "The vision of autonomic computing",
  author  = "Kephart, J O and Chess, D M",
  journal = "Computer",
  volume  =  36,
  number  =  1,
  pages   = "41--50",
  year    =  2003
}

@article{novel-load-balancing,
  title   = "A novel load balancing strategy of software-defined cloud/fog
             networking in the Internet of Vehicles",
  author  = "He, Xiuli and Ren, Zhiyuan and Shi, Chenhua and Fang, Jian",
  journal = "China Communications",
  volume  =  13,
  number  =  2,
  pages   = "140--149",
  year    =  2016
}

@article{mobility-aware-scheduling,
  title   = "{Mobility-Aware} Application Scheduling in Fog Computing",
  author  = "Bittencourt, Luiz F and Diaz-Montes, Javier and Buyya, Rajkumar
             and Rana, Omer F and Parashar, Manish",
  journal = "IEEE Cloud Computing",
  volume  =  4,
  number  =  2,
  pages   = "26--35",
  year    =  2017
}

@article{mape-k,
  title   = "Modeling and Analyzing {MAPE-K} Feedback Loops for
             {Self-Adaptation}",
  author  = "Arcaini, Paolo and Riccobene, Elvinia and Scandurra, Patrizia",
  journal = "2015 IEEE/ACM 10th International Symposium on Software Engineering
             for Adaptive and Self-Managing Systems",
  year    =  2015
}

@article{noauthor_undated-ec,
  howpublished = "\url{http://www.3gpp.org/ftp//Specs/archive/22_series/22.804/22804-g10.zip}",
  note         = "Accessed: 2019-4-17"
}

@article{fogtorch,
  title   = "{QoS-Aware} Deployment of {IoT} Applications Through the Fog",
  author  = "Brogi, Antonio and Forti, Stefano",
  journal = "IEEE Internet of Things Journal",
  volume  =  4,
  number  =  5,
  pages   = "1185--1192",
  year    =  2017
}

@article{fogtorchpi,
  title   = "How to Best Deploy Your Fog Applications, Probably",
  author  = "Brogi, Antonio and Forti, Stefano and Ibrahim, Ahmad",
  journal = "2017 IEEE 1st International Conference on Fog and Edge Computing
             (ICFEC)",
  year    =  2017
}

@article{3gpp,
  title        = "{3GPP}",
  howpublished = "\url{https://www.3gpp.org/}",
  note         = "Accessed: 2019-4-17"
}

@article{fog-research-opportunities,
  title   = "Fog and {IoT}: An Overview of Research Opportunities",
  author  = "Chiang, Mung and Zhang, Tao",
  journal = "IEEE Internet of Things Journal",
  volume  =  3,
  number  =  6,
  pages   = "854--864",
  year    =  2016
}

@article{ifogsim,
author = {Gupta, Harshit and Vahid Dastjerdi, Amir and Ghosh, Soumya K. and Buyya, Rajkumar},
title = {iFogSim: A toolkit for modeling and simulation of resource management techniques in the Internet of Things, Edge and Fog computing environments},
journal = {Software: Practice and Experience},
volume = {47},
number = {9},
pages = {1275-1296},
keywords = {Edge computing, Fog computing, Internet of Things (IoT), modeling and simulation},
year = {2017}
}